<record><leader>00000cas a22000007a 4500</leader><controlfield tag="001">19028589</controlfield><controlfield tag="008">890117d18831905nyudn ne      0    0eng d</controlfield><datafield ind1=" " ind2=" " tag="010"><subfield code="a">sn 89077026 </subfield></datafield><datafield ind1=" " ind2=" " tag="040"><subfield code="a">NPH</subfield><subfield code="b">eng</subfield><subfield code="c">NPH</subfield><subfield code="d">NYS</subfield><subfield code="d">OCLCQ</subfield></datafield><datafield ind1=" " ind2=" " tag="042"><subfield code="a">msc</subfield></datafield><datafield ind1="0" ind2=" " tag="130"><subfield code="a">Olean herald (Olean, N.Y. : 1883)</subfield></datafield><datafield ind1="1" ind2="0" tag="245"><subfield code="a">Olean herald.</subfield></datafield><datafield ind1="1" ind2="7" tag="246"><subfield code="a">Evening herald</subfield></datafield><datafield ind1=" " ind2=" " tag="260"><subfield code="a">Olean, Cattaraugus Co., N.Y. :</subfield><subfield code="b">Chas. F. Persons,</subfield><subfield code="c">1883-1905.</subfield></datafield><datafield ind1=" " ind2=" " tag="300"><subfield code="a">v.</subfield></datafield><datafield ind1=" " ind2=" " tag="310"><subfield code="a">Daily,</subfield><subfield code="b">June 2, 1885-Dec. 30, 1905</subfield></datafield><datafield ind1=" " ind2=" " tag="321"><subfield code="a">Weekly,</subfield><subfield code="b">1883-&lt;May&gt; 1885</subfield></datafield><datafield ind1="0" ind2=" " tag="362"><subfield code="a">Vol. 3, no. 25 (Sept. 30, 1883)-v. 25, no. 179 (Dec. 30, 1905).</subfield></datafield><datafield ind1=" " ind2=" " tag="500"><subfield code="a">Published on Sunday, &lt;1883&gt;.</subfield></datafield><datafield ind1=" " ind2=" " tag="580"><subfield code="a">Other weekly ed.: Olean Democrat.</subfield></datafield><datafield ind1=" " ind2="4" tag="651"><subfield code="a">Olean (N.Y.)</subfield><subfield code="v">Newspapers.</subfield></datafield><datafield ind1=" " ind2=" " tag="752"><subfield code="a">United States</subfield><subfield code="b">New York</subfield><subfield code="c">Cattaraugus</subfield><subfield code="d">Olean.</subfield></datafield><datafield ind1="1" ind2=" " tag="775"><subfield code="t">Olean Democrat</subfield><subfield code="w">(DLC)sn 92061812</subfield></datafield><datafield ind1="0" ind2="0" tag="780"><subfield code="t">Olean herald and mirror</subfield><subfield code="w">(DLC)sn 92061798</subfield></datafield><datafield ind1="0" ind2="0" tag="785"><subfield code="t">Olean evening herald</subfield><subfield code="w">(DLC)sn 92061799</subfield><subfield code="w">(OCoLC)3377238</subfield></datafield><datafield ind1="1" ind2=" " tag="029"><subfield code="a">AU@</subfield><subfield code="b">000020546348</subfield></datafield></record>